@book{WessBagger1992,
    author = "Wess, Julius and Bagger, Jonathan A.",
    title = "{Supersymmetry and Supergravity}",
    isbn = "978-0-691-02530-8",
    publisher = "Princeton University Press",
    year = "1992"
}

@book{IbanezUranga2012,
    author = "Ibanez, Luis E. and Uranga, Angel M.",
    title = "{String Theory and Particle Physics: An Introduction to String Phenomenology}",
    isbn = "978-0-521-51752-2, 978-1-139-22742-1",
    publisher = "Cambridge University Press",
    month = "2",
    year = "2012"
}

@article{Signer2009,
   title={ABC of SUSY},
   volume={36},
   ISSN={1361-6471},
   url={http://dx.doi.org/10.1088/0954-3899/36/7/073002},
   DOI={10.1088/0954-3899/36/7/073002},
   number={7},
   journal={Journal of Physics G: Nuclear and Particle Physics},
   publisher={IOP Publishing},
   author={Signer, Adrian},
   year={2009},
   month={May},
   pages={073002}
}

@article{Martin1998,
   title={A Supersymmetry Primer},
   ISBN={9789812839657},
   ISSN={1793-1339},
   url={http://dx.doi.org/10.1142/9789812839657_0001},
   DOI={10.1142/9789812839657_0001},
   journal={Advanced Series on Directions in High Energy Physics},
   publisher={World Scientific},
   author={Martin, Stephen P.},
   year={1998},
   pages={1-98}
}

@inproceedings{Peskin2008,
    author = "Peskin, Michael E.",
    title = "{Supersymmetry in Elementary Particle Physics}",
    booktitle = "{Theoretical Advanced Study Institute in Elementary Particle Physics}: {Exploring New Frontiers Using Colliders and Neutrinos}",
    reportNumber = "SLAC-PUB-13079",
    pages = "609--704",
    month = "1",
    year = "2008"
}

@article{Nilles1983,
    author = "Nilles, Hans - Peter",
    title = "{Supersymmetry, Supergravity and Particle Physics}",
    reportNumber = "UGVA-DPT-1983-12-412",
    doi = "10.1016/0370-1573(84)90008-5",
    journal = "Phys. Rept.",
    volume = "110",
    pages = "1--162",
    year = "1984"
}

@inproceedings{Lykken1996,
    author = "Lykken, Joseph D.",
    title = "{Introduction to Supersymmetry}",
    booktitle = "{Theoretical Advanced Study Institute in Elementary Particle Physics (TASI 96): Fields, Strings, and Duality}",
    reportNumber = "FERMILAB-PUB-96-445-T",
    pages = "85--153",
    month = "6",
    year = "1996"
}

@book{Hebecker2020,
    author = "Hebecker, Arthur",
    title = "{Lectures on Beyond the Standard Model and the String Theory Landscape}",
    publisher = "Heidelberg University",
    month = "8",
    year = "2020"
}