@article{abc,
   title={ABC of SUSY},
   volume={36},
   ISSN={1361-6471},
   url={http://dx.doi.org/10.1088/0954-3899/36/7/073002},
   DOI={10.1088/0954-3899/36/7/073002},
   number={7},
   journal={Journal of Physics G: Nuclear and Particle Physics},
   publisher={IOP Publishing},
   author={Signer, Adrian},
   year={2009},
   month={May},
   pages={073002},
}

@article{primer,
   title={A Supersymmetry Primer},
   ISBN={9789812839657},
   ISSN={1793-1339},
   url={http://dx.doi.org/10.1142/9789812839657_0001},
   DOI={10.1142/9789812839657_0001},
   journal={Advanced Series on Directions in High Energy Physics},
   publisher={World Scientific},
   author={Martin, Stephen P.},
   year={1998},
   pages={1-98},
}

@article{susysugra,
    author = "Nilles, Hans - Peter",
    title = "{Supersymmetry, Supergravity and Particle Physics}",
    reportNumber = "UGVA-DPT-1983-12-412",
    doi = "10.1016/0370-1573(84)90008-5",
    journal = "Phys. Rept.",
    volume = "110",
    pages = "1--162",
    year = "1984",
}


@article{pdg,
    author = "Zyla, P.A. and others",
    collaboration = "Particle Data Group",
    title = "{Review of Particle Physics}",
    doi = "10.1093/ptep/ptaa104",
    journal = "PTEP",
    volume = "2020",
    number = "8",
    pages = "083C01",
    year = "2020",
}

@book{arthur,
    author = "Hebecker, Arthur",
    title = "{Lectures on Beyond the Standard Model and the String Theory Landscape}",
    publisher = "Heidelberg University",
    month = "8",
    year = "2020",
}

@article{chung,
  title={The soft supersymmetry-breaking Lagrangian: Theory and applications},
  author={Chung, DJH and Everett, LL and Kane, GL and King, SF and Lykken, J and Wang, Lian-Tao},
  journal={Physics Reports},
  volume={407},
  number={1-3},
  pages={1--203},
  year={2005},
  publisher={Elsevier},
}

@article{haber,
  title={The status of the minimal supersymmetric standard model and beyond},
  author={Haber, Howard E},
  journal={Nuclear Physics B-Proceedings Supplements},
  volume={62},
  number={1-3},
  pages={469--484},
  year={1998},
  publisher={Elsevier},
}

@article{higgs,
  title={A review of Higgs mass calculations in supersymmetric models},
  author={Draper, Patrick and Rzehak, Heidi},
  journal={Physics Reports},
  volume={619},
  pages={1--24},
  year={2016},
  publisher={Elsevier},
}

@article{su5,
    author = "Georgi, H. and Glashow, S. L.",
    title = "{Unity of All Elementary Particle Forces}",
    doi = "10.1103/PhysRevLett.32.438",
    journal = "Phys. Rev. Lett.",
    volume = "32",
    pages = "438--441",
    year = "1974",
}

@article{lykken,
  title={Introduction to supersymmetry},
  author={Lykken, Joseph D},
  journal={arXiv preprint hep-th/9612114},
  year={1996},
}

@book{ramond,
  title={Group theory: a physicist's survey},
  author={Ramond, Pierre},
  year={2010},
  publisher={Cambridge University Press},
}

@incollection{peskin,
  title={Supersymmetry in elementary particle physics},
  author={Peskin, Michael E},
  booktitle={Colliders And Neutrinos: The Window into Physics beyond the Standard Model (TASI 2006)},
  pages={609--704},
  year={2008},
  publisher={World Scientific},
}

@article{pq,
       author = {{Peccei}, R.~D. and {Quinn}, Helen R.},
        title = "{CP conservation in the presence of pseudoparticles}",
      journal = {Physical Review D},
         year = 1977,
        month = jun,
       volume = {38},
       number = {25},
        pages = {1440-1443},
          doi = {10.1103/PhysRevLett.38.1440},
       adsurl = {https://ui.adsabs.harvard.edu/abs/1977PhRvL..38.1440P},
      adsnote = {Provided by the SAO/NASA Astrophysics Data System},
}

@article{pq-2,
  title={Constraints imposed by CP conservation in the presence of pseudoparticles},
  author={Peccei, Roberto D and Quinn, Helen R},
  journal={Physical Review D},
  volume={16},
  number={6},
  pages={1791},
  year={1977},
  publisher={APS},
}
