@article{Signer2009,
   title={ABC of SUSY},
   volume={36},
   ISSN={1361-6471},
   url={http://dx.doi.org/10.1088/0954-3899/36/7/073002},
   DOI={10.1088/0954-3899/36/7/073002},
   number={7},
   journal={Journal of Physics G: Nuclear and Particle Physics},
   publisher={IOP Publishing},
   author={Signer, Adrian},
   year={2009},
   month={May},
   pages={073002},
   keywords = "Jonah"
}

@article{Martin1998,
   title={A Supersymmetry Primer},
   ISBN={9789812839657},
   ISSN={1793-1339},
   url={http://dx.doi.org/10.1142/9789812839657_0001},
   DOI={10.1142/9789812839657_0001},
   journal={Advanced Series on Directions in High Energy Physics},
   publisher={World Scientific},
   author={Martin, Stephen P.},
   year={1998},
   pages={1-98},
   keywords = "Jonah"
}

@article{Nilles1983,
    author = "Nilles, Hans - Peter",
    title = "{Supersymmetry, Supergravity and Particle Physics}",
    reportNumber = "UGVA-DPT-1983-12-412",
    doi = "10.1016/0370-1573(84)90008-5",
    journal = "Phys. Rept.",
    volume = "110",
    pages = "1--162",
    year = "1984",
    keywords = "Jonah"
}


@article{Zyla:2020zbs,
    author = "Zyla, P.A. and others",
    collaboration = "Particle Data Group",
    title = "{Review of Particle Physics}",
    doi = "10.1093/ptep/ptaa104",
    journal = "PTEP",
    volume = "2020",
    number = "8",
    pages = "083C01",
    year = "2020",
    keywords = "Jonah"
}


@article{Chung,
  title={The soft supersymmetry-breaking Lagrangian: Theory and applications},
  author={Chung, DJH and Everett, LL and Kane, GL and King, SF and Lykken, J and Wang, Lian-Tao},
  journal={Physics Reports},
  volume={407},
  number={1-3},
  pages={1--203},
  year={2005},
  publisher={Elsevier},
  keywords = "Jonah"
}

@article{Haber,
  title={The status of the minimal supersymmetric standard model and beyond},
  author={Haber, Howard E},
  journal={Nuclear Physics B-Proceedings Supplements},
  volume={62},
  number={1-3},
  pages={469--484},
  year={1998},
  publisher={Elsevier},
  keywords = {Jonah, Mathieu}
 }

@article{Draper,
  title={A review of Higgs mass calculations in supersymmetric models},
  author={Draper, Patrick and Rzehak, Heidi},
  journal={Physics Reports},
  volume={619},
  pages={1--24},
  year={2016},
  publisher={Elsevier},
  keywords = "Jonah"
}