
@book{Hebecker2020,
    author = "Hebecker, Arthur",
    title = "{Lectures on Beyond the Standard Model and the String Theory Landscape}",
    publisher = "Heidelberg University",
    month = "8",
    year = "2020",
    keywords = "Mathieu, Jonah"
}

@article{PDG20182019,
    author = "Tanabashi, M. and others",
    collaboration = "Particle Data Group",
    title = "{Review of Particle Physics 2018 and 2019 Update}",
    doi = "10.1103/PhysRevD.98.030001",
    journal = "Phys. Rev. D",
    volume = "98",
    number = "3",
    pages = "030001",
    year = "2018",
    keywords = "Mathieu"
}

@article{Amaldi1991,
      author        = "Amaldi, Ugo and de Boer, Wim and F\"urstenau, Hermann",
      title         = "{Comparison of grand unified theories with electroweak and
                       strong coupling constants measured at LEP}",
      journal       = "Phys. Lett. B",
      number        = "CERN-PPE-91-44. IEKP-KA-91-01",
      volume        = "260",
      pages         = "447-455. 20 p",
      month         = "Mar",
      year          = "1991",
      url           = "https://cds.cern.ch/record/217892",
      doi           = "10.1016/0370-2693(91)91641-8",
     keywords = "Mathieu"
}

@inproceedings{Kazakov2000,
    author = "Kazakov, D. I.",
    title = "{Beyond the Standard Model: In Search of Supersymmetry}",
    booktitle = "{2000 European School of High-Energy Physics}",
    eprint = "hep-ph/0012288",
    archivePrefix = "arXiv",
    pages = "125--199",
    month = "8",
    year = "2000",
    keywords = "Mathieu"
}

@article{GeorgiGlashow1974,
    author = "Georgi, H. and Glashow, S. L.",
    title = "{Unity of All Elementary Particle Forces}",
    doi = "10.1103/PhysRevLett.32.438",
    journal = "Phys. Rev. Lett.",
    volume = "32",
    pages = "438--441",
    year = "1974",
    keywords = "Mathieu"
}

@article{Fischler1992,
    author = "Fischler, Willy and Paban, Sonia and Thomas, Scott D.",
    title = "{Bounds on microscopic physics from P and T violation in atoms and molecules}",
    eprint = "hep-ph/9205233",
    archivePrefix = "arXiv",
    reportNumber = "UTTG-06-92",
    doi = "10.1016/0370-2693(92)91234-Z",
    journal = "Phys. Lett. B",
    volume = "289",
    pages = "373--380",
    year = "1992",
    keywords = "Mathieu"
}
@book{PeskinSchroeder1995,
    author = "Peskin, Michael E. and Schroeder, Daniel V.",
    title = "{An Introduction to quantum field theory}",
    isbn = "978-0-201-50397-5",
    publisher = "Addison-Wesley",
    address = "Reading, USA",
    year = "1995",
    keywords = "Mathieu"
}

@inproceedings{MSSMGroup1998,
    author = "Djouadi, A. and others",
    collaboration = "MSSM Working Group",
    title = "{The Minimal supersymmetric standard model: Group summary report}",
    booktitle = "{GDR (Groupement De Recherche) - Supersymetrie}",
    eprint = "hep-ph/9901246",
    archivePrefix = "arXiv",
    reportNumber = "PM-98-45",
    month = "12",
    year = "1998",
    keywords = "Mathieu"
}

@article{Martin1993,
    author = "Martin, Stephen P. and Vaughn, Michael T.",
    title = "{Two loop renormalization group equations for soft supersymmetry breaking couplings}",
    eprint = "hep-ph/9311340",
    archivePrefix = "arXiv",
    reportNumber = "NUB-3081-93-TH",
    doi = "10.1103/PhysRevD.50.2282",
    journal = "Phys. Rev. D",
    volume = "50",
    pages = "2282",
    year = "1994",
    note = "[Erratum: Phys.Rev.D 78, 039903 (2008)]",
    keywords = "Mathieu"
}

@book{Kane2010,
  title={Perspectives on Supersymmetry II},
  author={Kane, G.L.},
  isbn={9789814307505},
  series={Advanced series on directions in high energy physics},
  url={https://books.google.de/books?id=eIXUn-3aOFYC},
  year={2010},
  publisher={World Scientific},
    keywords = "Mathieu"
}
@article{CMS2007,
    author = "Bayatian, G. L. and others",
    collaboration = "CMS",
    title = "{CMS technical design report, volume II: Physics performance}",
    reportNumber = "CERN-LHCC-2006-021, CMS-TDR-008-2",
    doi = "10.1088/0954-3899/34/6/S01",
    journal = "J. Phys. G",
    volume = "34",
    number = "6",
    pages = "995--1579",
    year = "2007",
    keywords = "Mathieu"

}
